@book{fourier1822theorie,
  title={Th{\'e}orie analytique de la chaleur},
  author={Fourier, Jean Baptiste Joseph},
  year={1822},
  publisher={F. Didot}
}

@inproceedings{fourier1807memoire,
  title={Mémoire sur la propagation de la chaleur dans les corps solides},
  author={Fourier, Jean Baptiste Joseph},
  year={1807},
}

@article{hunter2019notes,
  title={Notes on partial differential equations. 2014},
  author={Hunter, JK},
  journal={URL https://www. math. ucdavis. edu/\~{} hunter/m218a\_09/pde\_notes. pdf},
  year={2019}
}

@book{oppenheim1999discrete,
  title={Discrete-time signal processing},
  author={Oppenheim, Alan V and Shafer, Ronald W.},
  year={1999},
  publisher={Prentice Hall Inc.}
}

@article{lotte2010regularizing,
  title={Regularizing common spatial patterns to improve BCI designs: unified theory and new algorithms},
  author={Lotte, Fabien and Guan, Cuntai},
  journal={IEEE Transactions on biomedical Engineering},
  volume={58},
  number={2},
  pages={355--362},
  year={2010},
  publisher={IEEE}
}

@article{pistohl2008prediction,
  title={Prediction of arm movement trajectories from ECoG-recordings in humans},
  author={Pistohl, Tobias and Ball, Tonio and Schulze-Bonhage, Andreas and Aertsen, Ad and Mehring, Carsten},
  journal={Journal of neuroscience methods},
  volume={167},
  number={1},
  pages={105--114},
  year={2008},
  publisher={Elsevier}
}

@article{roth1996possible,
  title={Possible involvement of primary motor cortex in mentally simulated movement: a functional magnetic resonance imaging study.},
  author={Roth, Muriel and Decety, Jean and Raybaudi, Monica and Massarelli, Raphael and Delon-Martin, Chantal and Segebarth, Christoph and Morand, St{\'e}phanie and Gemignani, Angelo and D{\'e}corps, Michel and Jeannerod, Marc},
  journal={Neuroreport},
  volume={7},
  number={7},
  pages={1280--1284},
  year={1996}
}

@article{nyquist1928certain,
  title={Certain topics in telegraph transmission theory},
  author={Nyquist, Harry},
  journal={Transactions of the American Institute of Electrical Engineers},
  volume={47},
  number={2},
  pages={617--644},
  year={1928},
  publisher={IEEE}
}

@inbook{art36,
title = "Convolutional networks and applications in vision",
author = "Yann LeCun and Koray Kavukcuoglu and Clément Farabet",
year = "2010",
doi = "10.1109/ISCAS.2010.5537907",
isbn = "9781424453085",
pages = "253--256",
booktitle = "ISCAS 2010 - 2010 IEEE International Symposium on Circuits and Systems: Nano-Bio Circuit Fabrics and Systems",
}

@inproceedings{art5,
  title={Deep Sparse Rectifier Neural Networks.},
  author={Glorot, Xavier and Bordes, Antoine and Bengio, Yoshua},
  booktitle={Aistats},
  volume={15},
  number={106},
  pages={275},
  year={2011}
}

@article{lecun2015deep,
  title={Deep learning},
  author={LeCun, Yann and Bengio, Yoshua and Hinton, Geoffrey},
  journal={Nature},
  volume={521},
  number={7553},
  pages={436--444},
  year={2015},
  publisher={Nature Research}
}

@article{shannon1949communication,
  title={Communication in the presence of noise},
  author={Shannon, Claude Elwood},
  journal={Proceedings of the IRE},
  volume={37},
  number={1},
  pages={10--21},
  year={1949},
  publisher={IEEE}
}

@misc{swarztrauber1982vectorizing,
  title={Vectorizing the FFTs, Parallel Computations (New York)(G. Rodrigue, ed.)},
  author={Swarztrauber, Paul N},
  year={1982},
  publisher={Academic Press, New York}
}

@article{acernese2014advanced,
  title={Advanced Virgo: a second-generation interferometric gravitational wave detector},
  author={Acernese, F and Agathos, M and Agatsuma, K and Aisa, D and Allemandou, N and Allocca, A and Amarni, J and Astone, P and Balestri, G and Ballardin, G and others},
  journal={Classical and Quantum Gravity},
  volume={32},
  number={2},
  pages={024001},
  year={2014},
  publisher={IOP Publishing}
}
@inproceedings{frigo1998fftw,
  title={FFTW: An adaptive software architecture for the FFT},
  author={Frigo, Matteo and Johnson, Steven G},
  booktitle={Proceedings of the 1998 IEEE International Conference on Acoustics, Speech and Signal Processing, ICASSP'98 (Cat. No. 98CH36181)},
  volume={3},
  pages={1381--1384},
  year={1998},
  organization={IEEE}
}

@misc{nvidia2013fast,
  title={Fast Fourier Transform Library (cuFFT)},
  author={NVIDIA, CUDA},
  year={2013},
  publisher={Accessed}
}

@article{galassi1996gnu,
  title={GNU scientific library},
  author={Galassi, Mark and Davies, Jim and Theiler, James and Gough, Brian and Jungman, Gerard and Alken, Patrick and Booth, Michael and Rossi, Fabrice},
  journal={No. Release},
  volume={2},
  year={1996}
}

@article{lee2000algorithms,
  title={Algorithms for non-negative matrix factorization},
  author={Lee, Daniel and Seung, H Sebastian},
  journal={Advances in neural information processing systems},
  volume={13},
  pages={556--562},
  year={2000}
}

@article{ozerov2009multichannel,
  title={Multichannel nonnegative matrix factorization in convolutive mixtures for audio source separation},
  author={Ozerov, Alexey and F{\'e}votte, C{\'e}dric},
  journal={IEEE Transactions on Audio, Speech, and Language Processing},
  volume={18},
  number={3},
  pages={550--563},
  year={2009},
  publisher={IEEE}
}

@article{fevotte2009nonnegative,
  title={Nonnegative matrix factorization with the Itakura-Saito divergence: With application to music analysis},
  author={F{\'e}votte, C{\'e}dric and Bertin, Nancy and Durrieu, Jean-Louis},
  journal={Neural computation},
  volume={21},
  number={3},
  pages={793--830},
  year={2009},
  publisher={MIT Press}
}

@inproceedings{mairal2009online,
  title={Online dictionary learning for sparse coding},
  author={Mairal, Julien and Bach, Francis and Ponce, Jean and Sapiro, Guillermo},
  booktitle={Proceedings of the 26th annual international conference on machine learning},
  pages={689--696},
  year={2009}
}

@inproceedings{macqueen1967some,
  title={Some methods for classification and analysis of multivariate observations},
  author={MacQueen, James and others},
  booktitle={Proceedings of the fifth Berkeley symposium on mathematical statistics and probability},
  volume={1},
  number={14},
  pages={281--297},
  year={1967},
  organization={Oakland, CA, USA}
}

@article{hyvarinen2000independent,
  title={Independent component analysis: algorithms and applications},
  author={Hyv{\"a}rinen, Aapo and Oja, Erkki},
  journal={Neural networks},
  volume={13},
  number={4-5},
  pages={411--430},
  year={2000},
  publisher={Elsevier}
}

@inproceedings{herault1986space,
  title={Space or time adaptive signal processing by neural network models},
  author={Herault, Jeanny and Jutten, Christian},
  booktitle={AIP conference proceedings},
  volume={151},
  number={1},
  pages={206--211},
  year={1986},
  organization={American Institute of Physics}
}

@article{sirovich1987low,
  title={Low-dimensional procedure for the characterization of human faces},
  author={Sirovich, Lawrence and Kirby, Michael},
  journal={Josa a},
  volume={4},
  number={3},
  pages={519--524},
  year={1987},
  publisher={Optical Society of America}
}

@article{turk1991eigenfaces,
  title={Eigenfaces for recognition},
  author={Turk, Matthew and Pentland, Alex},
  journal={Journal of cognitive neuroscience},
  volume={3},
  number={1},
  pages={71--86},
  year={1991},
  publisher={MIT Press}
}

@article{cooley1965algorithm,
  title={An algorithm for the machine calculation of complex Fourier series},
  author={Cooley, James W and Tukey, John W},
  journal={Mathematics of computation},
  volume={19},
  number={90},
  pages={297--301},
  year={1965},
  publisher={JSTOR}
}

@book{papoulis1977signal,
  title={Signal analysis},
  author={Papoulis, Athanasios},
  volume={191},
  year={1977},
  publisher={McGraw-Hill New York}
}

@book{roddier1985distributions,
  title={Distributions et Transform{\'e}e de Fourier},
  author={Roddier, F},
  year={1985},
  publisher={McGraw-Hill}
}

@book{vretblad2003fourier,
  title={Fourier analysis and its applications},
  author={Vretblad, Anders},
  volume={223},
  year={2003},
  publisher={Springer Science \& Business Media}
}

@article{oppenheim1997signals,
  title={Signals and systems Prentice Hall},
  author={Oppenheim, Alan V and Willsky, Alan S and Nawab, S Hamid},
  journal={Inc., Upper Saddle River, New Jersey},
  volume={7458},
  year={1997}
}

@inproceedings{chen1994basis,
  title={Basis pursuit},
  author={Chen, Shaobing and Donoho, David},
  booktitle={Proceedings of 1994 28th Asilomar Conference on Signals, Systems and Computers},
  volume={1},
  pages={41--44},
  year={1994},
  organization={IEEE}
}

@article{candes2006stable,
  title={Stable signal recovery from incomplete and inaccurate measurements},
  author={Candes, Emmanuel J and Romberg, Justin K and Tao, Terence},
  journal={Communications on Pure and Applied Mathematics: A Journal Issued by the Courant Institute of Mathematical Sciences},
  volume={59},
  number={8},
  pages={1207--1223},
  year={2006},
  publisher={Wiley Online Library}
}

@article{candes2006stable,
  title={Stable signal recovery from incomplete and inaccurate measurements},
  author={Candes, Emmanuel J and Romberg, Justin K and Tao, Terence},
  journal={Communications on Pure and Applied Mathematics: A Journal Issued by the Courant Institute of Mathematical Sciences},
  volume={59},
  number={8},
  pages={1207--1223},
  year={2006},
  publisher={Wiley Online Library}
}

@article{papoulis1965random,
  title={Random Variables and Stochastic Processes},
  author={Papoulis, Athanasios},
  year={1965}
}

@book{mallat1999wavelet,
  title={A wavelet tour of signal processing},
  author={Mallat, St{\'e}phane},
  year={1999},
  publisher={Elsevier}
}

@misc{joint2000jpeg,
  title={JPEG 2000 image coding system, iso/iec 15444-1: 2000},
  author={Joint Photographic Experts Group and others},
  year={2000},
  publisher={December}
}

@book{vetterli1995wavelets,
  title={Wavelets and subband coding},
  author={Vetterli, Martin and Kovacevic, Jelena},
  number={BOOK},
  year={1995},
  publisher={Prentice-hall}
}

@article{adeli2003analysis,
  title={Analysis of EEG records in an epileptic patient using wavelet transform},
  author={Adeli, Hojjat and Zhou, Ziqin and Dadmehr, Nahid},
  journal={Journal of neuroscience methods},
  volume={123},
  number={1},
  pages={69--87},
  year={2003},
  publisher={Elsevier}
}


@article{ahmed1974discrete,
  title={Discrete cosine transform},
  author={Ahmed, Nasir and Natarajan, T\_ and Rao, Kamisetty R},
  journal={IEEE transactions on Computers},
  volume={100},
  number={1},
  pages={90--93},
  year={1974},
  publisher={IEEE}
}

@article{mallat1989theory,
  title={A theory for multiresolution signal decomposition: the wavelet representation},
  author={Mallat, Stephane G},
  journal={IEEE transactions on pattern analysis and machine intelligence},
  volume={11},
  number={7},
  pages={674--693},
  year={1989},
  publisher={Ieee}
}

@article{rougeot2019influence,
  title={Influence of surface roughness on diffraction in the externally occulted Lyot solar coronagraph-Application to ASPIICS},
  author={Rougeot, R and Flamary, R and Mary, D and Aime, C},
  journal={Astronomy \& Astrophysics},
  volume={626},
  pages={A1},
  year={2019},
  publisher={EDP Sciences}
}

@article{boll1979suppression,
  title={Suppression of acoustic noise in speech using spectral subtraction},
  author={Boll, Steven},
  journal={IEEE Transactions on acoustics, speech, and signal processing},
  volume={27},
  number={2},
  pages={113--120},
  year={1979},
  publisher={IEEE}
}

@inproceedings{berouti1979enhancement,
  title={Enhancement of speech corrupted by acoustic noise},
  author={Berouti, Michael and Schwartz, Richard and Makhoul, John},
  booktitle={ICASSP'79. IEEE International Conference on Acoustics, Speech, and Signal Processing},
  volume={4},
  pages={208--211},
  year={1979},
  organization={IEEE}
}

@article{yu2008audio,
  title={Audio denoising by time-frequency block thresholding},
  author={Yu, Guoshen and Mallat, St{\'e}phane and Bacry, Emmanuel},
  journal={IEEE Transactions on Signal processing},
  volume={56},
  number={5},
  pages={1830--1839},
  year={2008},
  publisher={IEEE}
}

@article{welch1967use,
  title={The use of fast Fourier transform for the estimation of power spectra: a method based on time averaging over short, modified periodograms},
  author={Welch, Peter},
  journal={IEEE Transactions on audio and electroacoustics},
  volume={15},
  number={2},
  pages={70--73},
  year={1967},
  publisher={IEEE}
}

@article{ricaud2014survey,
  title={A survey of uncertainty principles and some signal processing applications},
  author={Ricaud, Benjamin and Torr{\'e}sani, Bruno},
  journal={Advances in Computational Mathematics},
  volume={40},
  number={3},
  pages={629--650},
  year={2014},
  publisher={Springer}
}

@article{carlotti2011optimal,
  title={Optimal pupil apodizations of arbitrary apertures for high-contrast imaging},
  author={Carlotti, A and Vanderbei, R and Kasdin, N Jeremy},
  journal={Optics Express},
  volume={19},
  number={27},
  pages={26796--26809},
  year={2011},
  publisher={Optical Society of America}
}

@article{soummer2003stellar,
  title={Stellar coronagraphy with prolate apodized circular apertures},
  author={Soummer, Remi and Aime, Claude and Falloon, PE},
  journal={Astronomy \& Astrophysics},
  volume={397},
  number={3},
  pages={1161--1172},
  year={2003},
  publisher={EDP Sciences}
}

@inproceedings{harvey2007unified,
  title={Unified scatter model for rough surfaces at large incident and scatter angles},
  author={Harvey, James E and Krywonos, Andrey and Stover, John C},
  booktitle={Advanced Characterization Techniques for Optics, Semiconductors, and Nanotechnologies III},
  volume={6672},
  pages={66720C},
  year={2007},
  organization={International Society for Optics and Photonics}
}

@inproceedings{schroeder1985code,
  title={Code-excited linear prediction (CELP): High-quality speech at very low bit rates},
  author={Schroeder, Manfred and Atal, BS},
  booktitle={ICASSP'85. IEEE International Conference on Acoustics, Speech, and Signal Processing},
  volume={10},
  pages={937--940},
  year={1985},
  organization={IEEE}
}
 
@misc{fibs137analog,
  title={FIPS PUB 137, Analog to Digital Conversion of Voice by 2,400 Bit/Second Linear Predictive Coding.},
  author={ Federal Information Processing Standard FIPS},
  year={1984},
  url={https://ptabdata.blob.core.windows.net/files/2017/IPR2017-01077/v23_Exhibit%201022%20-%20FS1015-LPC10.pdf}
}


@book{fant1970acoustic,
  title={Acoustic theory of speech production},
  author={Fant, Gunnar},
  number={2},
  year={1970},
  publisher={Walter de Gruyter}
}

@article{mallat2015traitement,
  title={Traitement du signal},
  author={Mallat, St\'ephane and Moulines, Eric and Roueff, François},
  journal={Polycopié MAP 555, École Polytechnique},
  year={2015}
}

@article{hewitt1979gibbs,
  title={The Gibbs-Wilbraham phenomenon: an episode in Fourier analysis},
  author={Hewitt, Edwin and Hewitt, Robert E},
  journal={Archive for history of Exact Sciences},
  volume={21},
  number={2},
  pages={129--160},
  year={1979},
  publisher={Springer}
}

@article{butterworth1930theory,
  title={On the theory of filter amplifiers},
  author={Butterworth, Stephen and others},
  journal={Wireless Engineer},
  volume={7},
  number={6},
  pages={536--541},
  year={1930}
}

@misc{tesla1903system,
  title={System of signaling.},
  author={Tesla, Nikola},
  year={1903},
  month=apr # "~14",
  publisher={Google Patents},
  note={US Patent 725,605}
}

@misc{kiesler1942secret,
  title={Secret communication system},
  author={Kiesler, Markey Hedy and George, Antheil},
  year={1942},
  month=aug # "~11",
  publisher={Google Patents},
  note={US Patent 2,292,387}
}

@article{sallen1955practical,
  title={A practical method of designing RC active filters},
  author={Sallen, Roy Pines and Key, Edwin L},
  journal={IRE Transactions on Circuit Theory},
  volume={2},
  number={1},
  pages={74--85},
  year={1955},
  publisher={IEEE}
}

@inproceedings{rahimi2008random,
  title={Random features for large-scale kernel machines},
  author={Rahimi, Ali and Recht, Benjamin},
  booktitle={Advances in neural information processing systems},
  pages={1177--1184},
  year={2008}
}

@book{kay1993fundamentals,
  title={Fundamentals of statistical signal processing},
  author={Kay, Steven M},
  year={1993},
  publisher={Prentice Hall PTR}
}

@book{ross1996stochastic,
  title={Stochastic processes},
  author={Ross, Sheldon M and Kelly, John J and Sullivan, Roger J and Perry, William James and Mercer, Donald and Davis, Ruth M and Washburn, Thomas Dell and Sager, Earl V and Boyce, Joseph B and Bristow, Vincent L},
  volume={2},
  year={1996},
  publisher={Wiley New York}
}

@book{haykin2007signals,
  title={Signals and systems},
  author={Haykin, Simon and Van Veen, Barry},
  year={2007},
  publisher={John Wiley \& Sons}
}

@book{jutten2018theorie,
  title={Th\'eorie du signal},
  author={Jutten, Christian},
  year={2018},
  publisher={Univ. Grenoble Alpes - Polytech’ Grenoble}
}

@article{zuo2019all,
  title={All-optical neural network with nonlinear activation functions},
  author={Zuo, Ying and Li, Bohan and Zhao, Yujun and Jiang, Yue and Chen, You-Chiuan and Chen, Peng and Jo, Gyu-Boong and Liu, Junwei and Du, Shengwang},
  journal={Optica},
  volume={6},
  number={9},
  pages={1132--1137},
  year={2019},
  publisher={Optical Society of America}
}

@book{goodman2005introduction,
  title={Introduction to Fourier optics},
  author={Goodman, Joseph W},
  year={2005},
  publisher={Roberts and Company Publishers}
}

@article{braccini1996seismic,
  title={Seismic vibrations mechanical filters for the gravitational waves detector VIRGO},
  author={Braccini, S and Bradaschia, C and Del Fabbro, R and Di Virgilio, A and Ferrante, ISIDORO and Fidecaro, FRANCESCO and Flaminio, R and Gennai, A and Giassi, A and Giazotto, A and others},
  journal={Review of scientific instruments},
  volume={67},
  number={8},
  pages={2899--2902},
  year={1996},
  publisher={American Institute of Physics}
}


@article{perrin2018fourier,
  title={Fourier optics: basic concepts},
  author={Perrin, Stephane and Montgomery, Paul},
  journal={arXiv preprint arXiv:1802.07161},
  year={2018}
}

@misc{de1908space,
  title={Space telegraphy.},
  author={De Forest, Lee},
  year={1908},
  month=feb # "~18",
  publisher={Google Patents},
  note={US Patent 879,532}
}